@article{idris09,
	author   = {M.Y.I,Idris and Y.Y,Leng and others},
	journal  = {Information Technology Journal},
	keywords = {Car park system, intelligent transportation system, parking technology, smart parking system},
	month    = {June},
	number   = {8},
	pages    = {101--113},
	priority = {0},
	title    = {Car Park System: A review of smart parking system and its technology},
	url      = {http://dx.doi.org/10.1023/A:1005328611460},
	volume   = {8},
	year     = {2009}
}
@inproceedings{delibaltov2013parking,
  title={Parking lot occupancy determination from lamp-post camera images},
  author={Delibaltov, Diana and Wu, Wencheng and Loce, Robert P and Bernal, Edgar and others},
  booktitle={Intelligent Transportation Systems-(ITSC), 2013 16th International IEEE Conference on},
  pages={2387--2392},
  year={2013},
  organization={IEEE}
}
@article{true2007vacant,
  title={Vacant parking space detection in static images},
  author={True, Nicholas},
  journal={University of California, San Diego},
  year={2007}
}
@article{bong2008integrated,
  title={Integrated approach in the design of car park occupancy information system (COINS)},
  author={Bong, DBL and Ting, KC and Lai, KC},
  journal={IAENG International Journal of Computer Science},
  volume={35},
  number={1},
  pages={7--14},
  year={2008}
}

@book{gonzalez2009digital,
  title={Digital image processing},
  author={Gonzalez, Rafael C},
  year={2009},
  publisher={Pearson Education India}
}

@book{marques1999processamento,
  title={Processamento digital de imagens},
  author={Marques Filho, Og{\^e} and Neto, Hugo Vieira},
  year={1999},
  publisher={Brasport}
}

@book{IBGE2000introducao,
  title={Introdução ao processamento digital de imagens},
  author={IBGE},
  year={2000},
  publisher={IBGE}
}

@misc{vkl1989jain,
  title={Jain,“Fundamentals of Digital Image Processing,”},
  author={VKL, AI},
  year={1989},
  publisher={Prentice-Hall, New York}
}

@article{de2006introduccao,
  title={Introdu{\c{c}}{\~a}o ao Processamento Digital de Imagens.},
  author={de Queiroz, Jos{\'e} Eust{\'a}quio Rangel and Gomes, Herman Martins},
  journal={RITA},
  volume={13},
  number={2},
  pages={11--42},
  year={2006}
}

@article{ford1998colour,
  title={Colour space conversions},
  author={Ford, Adrian and Roberts, Alan},
  journal={Westminster University, London},
  volume={1998},
  pages={1--31},
  year={1998}
}

@book{NNForPR,
  title={Neural networks for pattern recognition},
  author={Bishop, Christopher M},
  year={1995},
  publisher={Oxford university press}
}
@book{Haykin,
  author    = {Simon Haykin}, 
  title     = {Neural Networks},
  publisher = {Prentice Hall},
  year      = 1999,
  edition   = 2
}
